@book{awodey2010category,
  title={Category theory},
  author={Awodey, Steve},
  year={2010},
  publisher={Oxford University Press},
  edition=2
}