@book{Awodey2010,
 author = {Awodey, Steve},
 title = {Category Theory},
 year = {2010},
 isbn = {9780199237180},
 edition = {2},
 publisher = {Oxford University Press},
}
